@online{repo,
author = {Nicholas Book},
title = {Slicevis public repository on GitLab},
url = {https://git.rwth-aachen.de/nicholasbook/sce-project-ss22},
urldate = {2022-08-12}
}

@online{mit,
author = {Open Source Initiative},
title = {The MIT License},
url = {https://opensource.org/licenses/MIT},
urldate = {2022-08-12}
}

@online{pypa,
author = {Python Packaging Authority},
title = {Packaging Python Projects},
url = {https://packaging.python.org/en/latest/tutorials/packaging-projects/},
urldate = {2022-08-12}
}

@online{setuptools,
author = {Python Packaging Authority},
title = {Setuptools package},
url = {https://pypi.org/project/setuptools/},
urldate = {2022-08-12}
}

@online{legacy_config,
author = {Python Packaging Authority},
title = {Configuring setuptools using setup.cfg files},
url = {https://setuptools.pypa.io/en/latest/userguide/declarative_config.html},
urldate = {2022-08-12}
}

@online{jupyter,
author = {Jupyter Development Team},
title = {JupyterLab package},
}

@online{ndarray,
author = {NumPy},
title = {API reference for numpy.ndarray},
url = {https://numpy.org/doc/stable/reference/generated/numpy.ndarray.html},
urldate = {2022-08-12}}